<record><leader>00000cas a22000007a 4500</leader><controlfield tag="001">11498918</controlfield><controlfield tag="008">841215d18361838ohuwr ne      0    0eng d</controlfield><datafield ind1=" " ind2=" " tag="010"><subfield code="a">sn 84028857 </subfield></datafield><datafield ind1=" " ind2=" " tag="040"><subfield code="a">NPY</subfield><subfield code="b">eng</subfield><subfield code="c">NPY</subfield><subfield code="d">ONP</subfield><subfield code="d">OCLCQ</subfield></datafield><datafield ind1=" " ind2=" " tag="042"><subfield code="a">msc</subfield></datafield><datafield ind1="0" ind2="0" tag="245"><subfield code="a">Licking Ohio Democrat.</subfield></datafield><datafield ind1="1" ind2="3" tag="246"><subfield code="a">Licking Democrat</subfield></datafield><datafield ind1=" " ind2=" " tag="260"><subfield code="a">Newark [Ohio] :</subfield><subfield code="b">C. Dunham,</subfield><subfield code="c">-1838.</subfield></datafield><datafield ind1=" " ind2=" " tag="300"><subfield code="a">v. ;</subfield><subfield code="c">52 cm.</subfield></datafield><datafield ind1=" " ind2=" " tag="310"><subfield code="a">Weekly</subfield></datafield><datafield ind1="1" ind2=" " tag="362"><subfield code="a">Began in Aug 1836?</subfield></datafield><datafield ind1="0" ind2=" " tag="362"><subfield code="a">-v. 2, no. 33 (Mar. 14, 1838).</subfield></datafield><datafield ind1=" " ind2=" " tag="500"><subfield code="a">Published on Wednesday.</subfield></datafield><datafield ind1=" " ind2=" " tag="500"><subfield code="a">"Whig." Cf. Gutgesell, S. Guide to Ohio newspapers, 1974.</subfield></datafield><datafield ind1=" " ind2=" " tag="588"><subfield code="a">Description based on: New ser., v. 1, no. 10 (Oct. 5, 1836).</subfield></datafield><datafield ind1="1" ind2=" " tag="700"><subfield code="a">Dunham, Clark.</subfield></datafield><datafield ind1=" " ind2=" " tag="752"><subfield code="a">United States</subfield><subfield code="b">Ohio</subfield><subfield code="c">Licking</subfield><subfield code="d">Newark.</subfield></datafield><datafield ind1="0" ind2="4" tag="785"><subfield code="t">Newark gazette and farmers journal</subfield><subfield code="w">(DLC)sn 84020480</subfield></datafield></record>